<?xml version="1.0" encoding="UTF-8"?>
<SOAP-ENV:Envelope xmlns:SOAP-ENV="http://schemas.xmlsoap.org/soap/envelope/" xmlns:ns1="http://oss.dbc.dk/ns/openformat" xmlns:os="http://oss.dbc.dk/ns/opensearch" xmlns:dc="http://purl.org/dc/elements/1.1/" xmlns:dkabm="http://biblstandard.dk/abm/namespace/dkabm/" xmlns:ISO639-2="http://lcweb.loc.gov/standards/iso639-2/" xmlns:dcmitype="http://purl.org/dc/dcmitype/" xmlns:dcterms="http://purl.org/dc/terms/" xmlns:ac="http://biblstandard.dk/ac/namespace/" xmlns:dkdcplus="http://biblstandard.dk/abm/namespace/dkdcplus/" xmlns:oss="http://oss.dbc.dk/ns/osstypes" xmlns:marcx="info:lc/xmlns/marcxchange-v1" xmlns:xsi="http://www.w3.org/2001/XMLSchema-instance">
  <SOAP-ENV:Body>
    <ns1:formatRequest>
      <ns1:originalData>
        <os:collection>
          <os:resultPosition>1</os:resultPosition>
          <os:numberOfObjects>1</os:numberOfObjects>
          <os:object>
              <dkabm:record>
                <ac:identifier>20028122|870970</ac:identifier>
                <dc:identifier>DGG 435748-2</dc:identifier>
                <ac:source>Bibliotekskatalog</ac:source>
                <dc:title>Arien und Walzer</dc:title>
                <dc:title xsi:type="dkdcplus:full">Arien und Walzer</dc:title>
                <dc:title xsi:type="dkdcplus:series">Dokumente</dc:title>
                <dc:creator>Rita Streich</dc:creator>
                <dc:creator xsi:type="oss:sort">Streich, Rita</dc:creator>
                <dc:subject xsi:type="dkdcplus:DK5">78.611</dc:subject>
                <dc:subject xsi:type="dkdcplus:DK5-Text">Antologier af vokalmusik for 1 solostemme</dc:subject>
                <dc:description>Indspillet i Berlin 1958-1965</dc:description>
                <dcterms:audience>voksenmaterialer</dcterms:audience>
                <dc:publisher>DGG</dc:publisher>
                <dc:contributor>Kurt Gaebel</dc:contributor>
                <dc:contributor>Reinhard Peters</dc:contributor>
                <dc:contributor>Reinhard Kraus</dc:contributor>
                <dc:contributor>Wolfgang Amadeus Mozart</dc:contributor>
                <dc:contributor>Gaetano Donizetti</dc:contributor>
                <dc:contributor>Nikolaj Rimskij-Korsakov</dc:contributor>
                <dc:contributor>Johann Strauss (f. 1825)</dc:contributor>
                <dc:contributor>Otto Nicolai</dc:contributor>
                <dc:contributor>Antonín Dvořák</dc:contributor>
                <dc:contributor>Giacomo Puccini</dc:contributor>
                <dc:contributor>Franz von Suppé</dc:contributor>
                <dc:contributor>Camille Saint-Säens</dc:contributor>
                <dc:contributor>Vincenzo Bellini</dc:contributor>
                <dc:contributor>Giuseppe Verdi</dc:contributor>
                <dc:contributor>Luigi Arditi</dc:contributor>
                <dc:contributor>Giacomo Meyerbeer</dc:contributor>
                <dc:contributor>Georges Bizet</dc:contributor>
                <dc:contributor>Jacques Offenbach</dc:contributor>
                <dc:contributor>Benjamin Godard</dc:contributor>
                <dc:contributor>Jules Massenet</dc:contributor>
                <dc:contributor>Léo Delibes</dc:contributor>
                <dc:contributor>RIAS-Kammerkoret, Berlin</dc:contributor>
                <dc:contributor>Berlins Radiosymfoniorkester</dc:contributor>
                <dc:contributor>Den Tyske Operas Kor, Vestberlin</dc:contributor>
                <dc:contributor>Den Tyske Operas Orkester, Vestberlin</dc:contributor>
                <dc:type xsi:type="dkdcplus:BibDK-Type">Cd (musik)</dc:type>
                <dc:format>1 cd, 1 kommentarhæfte</dc:format>
                <dcterms:hasPart xsi:type="dkdcplus:track">Figaros bryllup (Giunse alfin il momento ... Deh vieni, non tardar)</dcterms:hasPart>
                <dcterms:hasPart xsi:type="dkdcplus:track">Lucia di Lammermoor (Regnava nel silenzio alta la notta e bruna ; Il dolce suono mi colpi di sua voce)</dcterms:hasPart>
                <dcterms:hasPart xsi:type="dkdcplus:track">Linda di Chamounix (Ah! tardai troppo ... O luce di quest'anima)</dcterms:hasPart>
                <dcterms:hasPart xsi:type="dkdcplus:track">Guldhanen (Hymne til solen)</dcterms:hasPart>
                <dcterms:hasPart xsi:type="dkdcplus:track">Sadko (Son po berežku chodil, drema po lugu)</dcterms:hasPart>
                <dcterms:hasPart xsi:type="dkdcplus:track">G'schichten aus dem Wienerwald (Von fern des Lenzes Ruf erschallt)</dcterms:hasPart>
                <dcterms:hasPart xsi:type="dkdcplus:track">Frühlingsstimmen (Die Lerche in blaue Höh' entschwebt)</dcterms:hasPart>
                <dcterms:hasPart xsi:type="dkdcplus:track">Flagermusen (Mein Herr Marquis, ein Mann wie Sie ; Spiel' ich die Unschuld vom Lande)</dcterms:hasPart>
                <dcterms:hasPart xsi:type="dkdcplus:track">De lystige koner i Windsor (Nun eilt herbei, Witz, heitre Laune)</dcterms:hasPart>
                <dcterms:hasPart xsi:type="dkdcplus:track">Rusalka</dcterms:hasPart>
                <dcterms:hasPart xsi:type="dkdcplus:track">Gianni Schicchi (O mio babbino, caro!)</dcterms:hasPart>
                <dcterms:hasPart xsi:type="dkdcplus:track">Turandot (Signore, ascolta)</dcterms:hasPart>
                <dcterms:hasPart xsi:type="dkdcplus:track">Boccaccio (Hab' ich nur eine Liebe, die Treue brauch'ich nicht)</dcterms:hasPart>
                <dcterms:hasPart xsi:type="dkdcplus:track">Le rossignol et la rose</dcterms:hasPart>
                <dcterms:hasPart xsi:type="dkdcplus:track">I Capuleti e i Montecchi (Eccomi in lieta vesta ... Oh! quante volte ti chiedo al ciel piangendo!)</dcterms:hasPart>
                <dcterms:hasPart xsi:type="dkdcplus:track">Falstaff (Sul fil d'un soffio etesio scorrete, agili larve)</dcterms:hasPart>
                <dcterms:hasPart xsi:type="dkdcplus:track">Lo spazzacamino</dcterms:hasPart>
                <dcterms:hasPart xsi:type="dkdcplus:track">Parla-Walzer</dcterms:hasPart>
                <dcterms:hasPart xsi:type="dkdcplus:track">Dinorah (Ombra leggera, non te n'andar)</dcterms:hasPart>
                <dcterms:hasPart xsi:type="dkdcplus:track">Perlefiskerne (Me voilà seule dans la nuit ... Comme autrefois, dans la nuit sombre)</dcterms:hasPart>
                <dcterms:hasPart xsi:type="dkdcplus:track">Hoffmanns eventyr (Les oiseaux dans la charmille)</dcterms:hasPart>
                <dcterms:hasPart xsi:type="dkdcplus:track">Jocelyn (Caché dans cet asile, un viux nous a conduits ... Oh, ne t'éveille pas encore)</dcterms:hasPart>
                <dcterms:hasPart xsi:type="dkdcplus:track">Manon (Obéissons, quand leur voix appelle, aux tendres amours ; Allons! Il le faut pour lui-même ... Adieu, notre petite table)</dcterms:hasPart>
                <dcterms:hasPart xsi:type="dkdcplus:track">Lakmé (Les fleurs me paraissent plus belles ; Où va la jeune Indoue)</dcterms:hasPart>
                <dcterms:hasPart xsi:type="dkdcplus:track">Me voilà seule dans la nuit</dcterms:hasPart>
                <dcterms:hasPart xsi:type="dkdcplus:track">Comme autrefois, dans la nuit sombre</dcterms:hasPart>
                <dcterms:hasPart xsi:type="dkdcplus:track">Les oiseaux dans la charmille</dcterms:hasPart>
                <dcterms:hasPart xsi:type="dkdcplus:track">Caché dans cet asile, un viux nous a conduits</dcterms:hasPart>
                <dcterms:hasPart xsi:type="dkdcplus:track">Oh, ne t'éveille pas encore</dcterms:hasPart>
                <dcterms:hasPart xsi:type="dkdcplus:track">Obéissons, quand leur voix appelle, aux tendres amours</dcterms:hasPart>
                <dcterms:hasPart xsi:type="dkdcplus:track">Allons! Il le faut pour lui-même</dcterms:hasPart>
                <dcterms:hasPart xsi:type="dkdcplus:track">Adieu, notre petite table</dcterms:hasPart>
                <dcterms:hasPart xsi:type="dkdcplus:track">Les fleurs me paraissent plus belles</dcterms:hasPart>
                <dcterms:hasPart xsi:type="dkdcplus:track">Où va la jeune Indoue</dcterms:hasPart>
                <dcterms:hasPart xsi:type="dkdcplus:track">Nun eilt herbei, Witz, heitre Laune</dcterms:hasPart>
              </dkabm:record>
              <marcx:collection>
                <marcx:record format="danMARC2" type="Bibliographic">
                  <marcx:leader>000000000000000000000000</marcx:leader>
                  <marcx:datafield ind1="0" ind2="0" tag="001">
                    <marcx:subfield code="a">20028122</marcx:subfield>
                    <marcx:subfield code="b">870970</marcx:subfield>
                    <marcx:subfield code="c">20030213081850</marcx:subfield>
                    <marcx:subfield code="d">19920715</marcx:subfield>
                    <marcx:subfield code="f">a</marcx:subfield>
                    <marcx:subfield code="t">FAUST</marcx:subfield>
                  </marcx:datafield>
                  <marcx:datafield ind1="0" ind2="0" tag="004">
                    <marcx:subfield code="r">n</marcx:subfield>
                    <marcx:subfield code="a">e</marcx:subfield>
                  </marcx:datafield>
                  <marcx:datafield ind1="0" ind2="0" tag="008">
                    <marcx:subfield code="t">s</marcx:subfield>
                    <marcx:subfield code="v">0</marcx:subfield>
                  </marcx:datafield>
                  <marcx:datafield ind1="0" ind2="0" tag="009">
                    <marcx:subfield code="a">s</marcx:subfield>
                    <marcx:subfield code="g">xc</marcx:subfield>
                  </marcx:datafield>
                  <marcx:datafield ind1="0" ind2="0" tag="021">
                    <marcx:subfield code="d">kr. 238.00</marcx:subfield>
                  </marcx:datafield>
                  <marcx:datafield ind1="0" ind2="0" tag="032">
                    <marcx:subfield code="x">SFG199231</marcx:subfield>
                    <marcx:subfield code="x">DAT200307</marcx:subfield>
                    <marcx:subfield code="x">SFG</marcx:subfield>
                    <marcx:subfield code="x">DAT</marcx:subfield>
                  </marcx:datafield>
                  <marcx:datafield ind1="0" ind2="0" tag="039">
                    <marcx:subfield code="a">voa</marcx:subfield>
                  </marcx:datafield>
                  <marcx:datafield ind1="0" ind2="0" tag="100">
                    <marcx:subfield code="0"/>
                    <marcx:subfield code="a">Streich</marcx:subfield>
                    <marcx:subfield code="h">Rita</marcx:subfield>
                  </marcx:datafield>
                  <marcx:datafield ind1="0" ind2="0" tag="245">
                    <marcx:subfield code="a">Arien und Walzer</marcx:subfield>
                    <marcx:subfield code="e">Rita Streich, sopran</marcx:subfield>
                  </marcx:datafield>
                  <marcx:datafield ind1="0" ind2="0" tag="260">
                    <marcx:subfield code="b">DGG</marcx:subfield>
                  </marcx:datafield>
                  <marcx:datafield ind1="0" ind2="0" tag="300">
                    <marcx:subfield code="n">1 cd</marcx:subfield>
                    <marcx:subfield code="D">1 hæfte</marcx:subfield>
                    <marcx:subfield code="d">1 kommentarhæfte</marcx:subfield>
                  </marcx:datafield>
                  <marcx:datafield ind1="0" ind2="0" tag="440">
                    <marcx:subfield code="a">Dokumente</marcx:subfield>
                  </marcx:datafield>
                  <marcx:datafield ind1="0" ind2="0" tag="512">
                    <marcx:subfield code="a">Indspillet i Berlin 1958-1965</marcx:subfield>
                  </marcx:datafield>
                  <marcx:datafield ind1="0" ind2="0" tag="531">
                    <marcx:subfield code="a">Indhold:</marcx:subfield>
                  </marcx:datafield>
                  <marcx:datafield ind1="0" ind2="0" tag="538">
                    <marcx:subfield code="f">DGG</marcx:subfield>
                    <marcx:subfield code="g">435748-2</marcx:subfield>
                  </marcx:datafield>
                  <marcx:datafield ind1="0" ind2="0" tag="652">
                    <marcx:subfield code="m">78.611</marcx:subfield>
                  </marcx:datafield>
                  <marcx:datafield ind1="0" ind2="0" tag="652">
                    <marcx:subfield code="å">11</marcx:subfield>
                    <marcx:subfield code="i">78.81</marcx:subfield>
                    <marcx:subfield code="v">2</marcx:subfield>
                  </marcx:datafield>
                  <marcx:datafield ind1="0" ind2="0" tag="652">
                    <marcx:subfield code="å">12</marcx:subfield>
                    <marcx:subfield code="i">78.81</marcx:subfield>
                    <marcx:subfield code="v">2</marcx:subfield>
                    <marcx:subfield code="i">78.81</marcx:subfield>
                    <marcx:subfield code="v">2</marcx:subfield>
                  </marcx:datafield>
                  <marcx:datafield ind1="0" ind2="0" tag="652">
                    <marcx:subfield code="å">13</marcx:subfield>
                    <marcx:subfield code="i">78.81</marcx:subfield>
                    <marcx:subfield code="v">2</marcx:subfield>
                    <marcx:subfield code="i">78.81</marcx:subfield>
                    <marcx:subfield code="v">2</marcx:subfield>
                  </marcx:datafield>
                  <marcx:datafield ind1="0" ind2="0" tag="652">
                    <marcx:subfield code="å">14</marcx:subfield>
                    <marcx:subfield code="i">78.81</marcx:subfield>
                    <marcx:subfield code="v">2</marcx:subfield>
                    <marcx:subfield code="i">78.81</marcx:subfield>
                    <marcx:subfield code="v">2</marcx:subfield>
                    <marcx:subfield code="i">78.81</marcx:subfield>
                    <marcx:subfield code="v">2</marcx:subfield>
                  </marcx:datafield>
                  <marcx:datafield ind1="0" ind2="0" tag="652">
                    <marcx:subfield code="å">15</marcx:subfield>
                    <marcx:subfield code="i">78.81</marcx:subfield>
                    <marcx:subfield code="v">2</marcx:subfield>
                  </marcx:datafield>
                  <marcx:datafield ind1="0" ind2="0" tag="652">
                    <marcx:subfield code="å">16</marcx:subfield>
                    <marcx:subfield code="i">78.81</marcx:subfield>
                    <marcx:subfield code="v">2</marcx:subfield>
                  </marcx:datafield>
                  <marcx:datafield ind1="0" ind2="0" tag="652">
                    <marcx:subfield code="å">17</marcx:subfield>
                    <marcx:subfield code="i">78.81</marcx:subfield>
                    <marcx:subfield code="v">2</marcx:subfield>
                    <marcx:subfield code="i">78.81</marcx:subfield>
                    <marcx:subfield code="v">2</marcx:subfield>
                  </marcx:datafield>
                  <marcx:datafield ind1="0" ind2="0" tag="652">
                    <marcx:subfield code="å">18</marcx:subfield>
                    <marcx:subfield code="i">78.81</marcx:subfield>
                    <marcx:subfield code="v">2</marcx:subfield>
                  </marcx:datafield>
                  <marcx:datafield ind1="0" ind2="0" tag="652">
                    <marcx:subfield code="å">19</marcx:subfield>
                    <marcx:subfield code="i">78.61</marcx:subfield>
                    <marcx:subfield code="v">4</marcx:subfield>
                  </marcx:datafield>
                  <marcx:datafield ind1="0" ind2="0" tag="652">
                    <marcx:subfield code="å">20</marcx:subfield>
                    <marcx:subfield code="i">78.81</marcx:subfield>
                    <marcx:subfield code="v">2</marcx:subfield>
                  </marcx:datafield>
                  <marcx:datafield ind1="0" ind2="0" tag="652">
                    <marcx:subfield code="å">21</marcx:subfield>
                    <marcx:subfield code="i">78.81</marcx:subfield>
                    <marcx:subfield code="v">2</marcx:subfield>
                    <marcx:subfield code="i">78.61</marcx:subfield>
                    <marcx:subfield code="v">4</marcx:subfield>
                  </marcx:datafield>
                  <marcx:datafield ind1="0" ind2="0" tag="652">
                    <marcx:subfield code="å">22</marcx:subfield>
                    <marcx:subfield code="i">78.61</marcx:subfield>
                    <marcx:subfield code="v">4</marcx:subfield>
                  </marcx:datafield>
                  <marcx:datafield ind1="0" ind2="0" tag="652">
                    <marcx:subfield code="å">23</marcx:subfield>
                    <marcx:subfield code="i">78.81</marcx:subfield>
                    <marcx:subfield code="v">2</marcx:subfield>
                  </marcx:datafield>
                  <marcx:datafield ind1="0" ind2="0" tag="652">
                    <marcx:subfield code="å">24</marcx:subfield>
                    <marcx:subfield code="i">78.81</marcx:subfield>
                    <marcx:subfield code="v">2</marcx:subfield>
                  </marcx:datafield>
                  <marcx:datafield ind1="0" ind2="0" tag="652">
                    <marcx:subfield code="å">25</marcx:subfield>
                    <marcx:subfield code="i">78.81</marcx:subfield>
                    <marcx:subfield code="v">2</marcx:subfield>
                  </marcx:datafield>
                  <marcx:datafield ind1="0" ind2="0" tag="652">
                    <marcx:subfield code="å">26</marcx:subfield>
                    <marcx:subfield code="i">78.81</marcx:subfield>
                    <marcx:subfield code="v">2</marcx:subfield>
                  </marcx:datafield>
                  <marcx:datafield ind1="0" ind2="0" tag="652">
                    <marcx:subfield code="å">27</marcx:subfield>
                    <marcx:subfield code="i">78.81</marcx:subfield>
                    <marcx:subfield code="v">2</marcx:subfield>
                  </marcx:datafield>
                  <marcx:datafield ind1="0" ind2="0" tag="652">
                    <marcx:subfield code="å">28</marcx:subfield>
                    <marcx:subfield code="i">78.81</marcx:subfield>
                    <marcx:subfield code="v">2</marcx:subfield>
                  </marcx:datafield>
                  <marcx:datafield ind1="0" ind2="0" tag="700">
                    <marcx:subfield code="0"/>
                    <marcx:subfield code="a">Gaebel</marcx:subfield>
                    <marcx:subfield code="h">Kurt</marcx:subfield>
                  </marcx:datafield>
                  <marcx:datafield ind1="0" ind2="0" tag="700">
                    <marcx:subfield code="0"/>
                    <marcx:subfield code="a">Peters</marcx:subfield>
                    <marcx:subfield code="h">Reinhard</marcx:subfield>
                  </marcx:datafield>
                  <marcx:datafield ind1="0" ind2="0" tag="700">
                    <marcx:subfield code="0"/>
                    <marcx:subfield code="a">Kraus</marcx:subfield>
                    <marcx:subfield code="h">Reinhard</marcx:subfield>
                  </marcx:datafield>
                  <marcx:datafield ind1="0" ind2="0" tag="710">
                    <marcx:subfield code="0"/>
                    <marcx:subfield code="a">RIAS-Kammerkoret, Berlin</marcx:subfield>
                  </marcx:datafield>
                  <marcx:datafield ind1="0" ind2="0" tag="710">
                    <marcx:subfield code="0"/>
                    <marcx:subfield code="a">Berlins Radiosymfoniorkester</marcx:subfield>
                  </marcx:datafield>
                  <marcx:datafield ind1="0" ind2="0" tag="710">
                    <marcx:subfield code="0"/>
                    <marcx:subfield code="a">Den ¤Tyske Operas Kor, Vestberlin</marcx:subfield>
                  </marcx:datafield>
                  <marcx:datafield ind1="0" ind2="0" tag="710">
                    <marcx:subfield code="0"/>
                    <marcx:subfield code="a">Den ¤Tyske Operas Orkester, Vestberlin</marcx:subfield>
                  </marcx:datafield>
                  <marcx:datafield ind1="0" ind2="0" tag="770">
                    <marcx:subfield code="å">11</marcx:subfield>
                    <marcx:subfield code="0"/>
                    <marcx:subfield code="a">Mozart</marcx:subfield>
                    <marcx:subfield code="h">Wolfgang Amadeus</marcx:subfield>
                  </marcx:datafield>
                  <marcx:datafield ind1="0" ind2="0" tag="770">
                    <marcx:subfield code="å">12</marcx:subfield>
                    <marcx:subfield code="0"/>
                    <marcx:subfield code="a">Donizetti</marcx:subfield>
                    <marcx:subfield code="h">Gaetano</marcx:subfield>
                  </marcx:datafield>
                  <marcx:datafield ind1="0" ind2="0" tag="770">
                    <marcx:subfield code="å">13</marcx:subfield>
                    <marcx:subfield code="0"/>
                    <marcx:subfield code="a">Rimskij-Korsakov</marcx:subfield>
                    <marcx:subfield code="h">Nikolaj</marcx:subfield>
                  </marcx:datafield>
                  <marcx:datafield ind1="0" ind2="0" tag="770">
                    <marcx:subfield code="å">14</marcx:subfield>
                    <marcx:subfield code="0"/>
                    <marcx:subfield code="a">Strauss</marcx:subfield>
                    <marcx:subfield code="h">Johann</marcx:subfield>
                    <marcx:subfield code="c">f. 1825</marcx:subfield>
                  </marcx:datafield>
                  <marcx:datafield ind1="0" ind2="0" tag="770">
                    <marcx:subfield code="å">15</marcx:subfield>
                    <marcx:subfield code="0"/>
                    <marcx:subfield code="a">Nicolai</marcx:subfield>
                    <marcx:subfield code="h">Otto</marcx:subfield>
                  </marcx:datafield>
                  <marcx:datafield ind1="0" ind2="0" tag="770">
                    <marcx:subfield code="å">16</marcx:subfield>
                    <marcx:subfield code="0"/>
                    <marcx:subfield code="a">Dvořák</marcx:subfield>
                    <marcx:subfield code="h">Antonín</marcx:subfield>
                  </marcx:datafield>
                  <marcx:datafield ind1="0" ind2="0" tag="770">
                    <marcx:subfield code="å">17</marcx:subfield>
                    <marcx:subfield code="0"/>
                    <marcx:subfield code="a">Puccini</marcx:subfield>
                    <marcx:subfield code="h">Giacomo</marcx:subfield>
                  </marcx:datafield>
                  <marcx:datafield ind1="0" ind2="0" tag="770">
                    <marcx:subfield code="å">18</marcx:subfield>
                    <marcx:subfield code="0"/>
                    <marcx:subfield code="a">Suppé</marcx:subfield>
                    <marcx:subfield code="h">Franz von</marcx:subfield>
                  </marcx:datafield>
                  <marcx:datafield ind1="0" ind2="0" tag="770">
                    <marcx:subfield code="å">19</marcx:subfield>
                    <marcx:subfield code="0"/>
                    <marcx:subfield code="a">Saint-Säens</marcx:subfield>
                    <marcx:subfield code="h">Camille</marcx:subfield>
                  </marcx:datafield>
                  <marcx:datafield ind1="0" ind2="0" tag="770">
                    <marcx:subfield code="å">20</marcx:subfield>
                    <marcx:subfield code="0"/>
                    <marcx:subfield code="a">Bellini</marcx:subfield>
                    <marcx:subfield code="h">Vincenzo</marcx:subfield>
                  </marcx:datafield>
                  <marcx:datafield ind1="0" ind2="0" tag="770">
                    <marcx:subfield code="å">21</marcx:subfield>
                    <marcx:subfield code="0"/>
                    <marcx:subfield code="a">Verdi</marcx:subfield>
                    <marcx:subfield code="h">Giuseppe</marcx:subfield>
                  </marcx:datafield>
                  <marcx:datafield ind1="0" ind2="0" tag="770">
                    <marcx:subfield code="å">22</marcx:subfield>
                    <marcx:subfield code="0"/>
                    <marcx:subfield code="a">Arditi</marcx:subfield>
                    <marcx:subfield code="h">Luigi</marcx:subfield>
                  </marcx:datafield>
                  <marcx:datafield ind1="0" ind2="0" tag="770">
                    <marcx:subfield code="å">23</marcx:subfield>
                    <marcx:subfield code="0"/>
                    <marcx:subfield code="a">Meyerbeer</marcx:subfield>
                    <marcx:subfield code="h">Giacomo</marcx:subfield>
                  </marcx:datafield>
                  <marcx:datafield ind1="0" ind2="0" tag="770">
                    <marcx:subfield code="å">24</marcx:subfield>
                    <marcx:subfield code="0"/>
                    <marcx:subfield code="a">Bizet</marcx:subfield>
                    <marcx:subfield code="h">Georges</marcx:subfield>
                  </marcx:datafield>
                  <marcx:datafield ind1="0" ind2="0" tag="770">
                    <marcx:subfield code="å">25</marcx:subfield>
                    <marcx:subfield code="0"/>
                    <marcx:subfield code="a">Offenbach</marcx:subfield>
                    <marcx:subfield code="h">Jacques</marcx:subfield>
                  </marcx:datafield>
                  <marcx:datafield ind1="0" ind2="0" tag="770">
                    <marcx:subfield code="å">26</marcx:subfield>
                    <marcx:subfield code="0"/>
                    <marcx:subfield code="a">Godard</marcx:subfield>
                    <marcx:subfield code="h">Benjamin</marcx:subfield>
                  </marcx:datafield>
                  <marcx:datafield ind1="0" ind2="0" tag="770">
                    <marcx:subfield code="å">27</marcx:subfield>
                    <marcx:subfield code="0"/>
                    <marcx:subfield code="a">Massenet</marcx:subfield>
                    <marcx:subfield code="h">Jules</marcx:subfield>
                  </marcx:datafield>
                  <marcx:datafield ind1="0" ind2="0" tag="770">
                    <marcx:subfield code="å">28</marcx:subfield>
                    <marcx:subfield code="0"/>
                    <marcx:subfield code="a">Delibes</marcx:subfield>
                    <marcx:subfield code="h">Léo</marcx:subfield>
                  </marcx:datafield>
                  <marcx:datafield ind1="0" ind2="0" tag="795">
                    <marcx:subfield code="å">11</marcx:subfield>
                    <marcx:subfield code="0"/>
                    <marcx:subfield code="a">Figaros bryllup (Giunse alfin il momento ... Deh vieni, non tardar)</marcx:subfield>
                    <marcx:subfield code="e">Berlins Radiosymfoniorkester</marcx:subfield>
                    <marcx:subfield code="e">dirigent: Kurt Gaebel</marcx:subfield>
                  </marcx:datafield>
                  <marcx:datafield ind1="0" ind2="0" tag="795">
                    <marcx:subfield code="å">12</marcx:subfield>
                    <marcx:subfield code="0"/>
                    <marcx:subfield code="a">Lucia di Lammermoor (Regnava nel silenzio alta la notta e bruna ; Il dolce suono mi colpi di sua voce)</marcx:subfield>
                    <marcx:subfield code="e">Berlins Radiosymfoniorkester</marcx:subfield>
                    <marcx:subfield code="e">dirigent: Kurt Gaebel</marcx:subfield>
                    <marcx:subfield code="a">Linda di Chamounix (Ah! tardai troppo ... O luce di quest'anima)</marcx:subfield>
                    <marcx:subfield code="e">Den Tyske Operas Orkester, Vestberlin</marcx:subfield>
                    <marcx:subfield code="e">dirigent: Reinhard Peters</marcx:subfield>
                  </marcx:datafield>
                  <marcx:datafield ind1="0" ind2="0" tag="795">
                    <marcx:subfield code="å">13</marcx:subfield>
                    <marcx:subfield code="0"/>
                    <marcx:subfield code="a">Guldhanen (Hymne til solen)</marcx:subfield>
                    <marcx:subfield code="e">Berlins Radiosymfoniorkester</marcx:subfield>
                    <marcx:subfield code="e">dirigent: Kurt Gaebel</marcx:subfield>
                    <marcx:subfield code="a">Sadko (Son po berežku chodil, drema po lugu)</marcx:subfield>
                    <marcx:subfield code="e">Den Tyske Operas Orkester, Berlin</marcx:subfield>
                    <marcx:subfield code="e">dirigent: Reinhard Peters</marcx:subfield>
                  </marcx:datafield>
                  <marcx:datafield ind1="0" ind2="0" tag="795">
                    <marcx:subfield code="å">14</marcx:subfield>
                    <marcx:subfield code="0"/>
                    <marcx:subfield code="a">G'schichten aus dem Wienerwald (Von fern des Lenzes Ruf erschallt)</marcx:subfield>
                    <marcx:subfield code="e">Berlins Radiosymfoniorkester</marcx:subfield>
                    <marcx:subfield code="e">dirigent: Kurt Gaebel</marcx:subfield>
                    <marcx:subfield code="a">Frühlingsstimmen (Die Lerche in blaue Höh' entschwebt)</marcx:subfield>
                    <marcx:subfield code="e">Berlins Radiosymfoniorkester</marcx:subfield>
                    <marcx:subfield code="e">dirigent: Kurt Gaebel</marcx:subfield>
                    <marcx:subfield code="a">Flagermusen (Mein Herr Marquis, ein Mann wie Sie ; Spiel' ich die Unschuld vom Lande)</marcx:subfield>
                    <marcx:subfield code="e">RIAS-Kammerkoret, Berlin</marcx:subfield>
                    <marcx:subfield code="e">Berlins Radiosymfoniorkester</marcx:subfield>
                    <marcx:subfield code="e">dirigent: Kurt Gaebel</marcx:subfield>
                  </marcx:datafield>
                  <marcx:datafield ind1="0" ind2="0" tag="795">
                    <marcx:subfield code="å">15</marcx:subfield>
                    <marcx:subfield code="0"/>
                    <marcx:subfield code="a">De ¤lystige koner i Windsor (Nun eilt herbei, Witz, heitre Laune)</marcx:subfield>
                    <marcx:subfield code="e">Berlins Radiosymfoniorkester</marcx:subfield>
                    <marcx:subfield code="e">dirigent: Kurt Gabel</marcx:subfield>
                  </marcx:datafield>
                  <marcx:datafield ind1="0" ind2="0" tag="795">
                    <marcx:subfield code="å">16</marcx:subfield>
                    <marcx:subfield code="0"/>
                    <marcx:subfield code="a">Rusalka</marcx:subfield>
                    <marcx:subfield code="7"> (</marcx:subfield>
                    <marcx:subfield code="v">Měsíčku na nebi hlubokém</marcx:subfield>
                    <marcx:subfield code="u">Sangen til månen</marcx:subfield>
                    <marcx:subfield code="7">) / </marcx:subfield>
                    <marcx:subfield code="e">Berlins Radiosymfoniorkester</marcx:subfield>
                    <marcx:subfield code="e">dirigent: Kurt Gaebel</marcx:subfield>
                  </marcx:datafield>
                  <marcx:datafield ind1="0" ind2="0" tag="795">
                    <marcx:subfield code="å">17</marcx:subfield>
                    <marcx:subfield code="0"/>
                    <marcx:subfield code="a">Gianni Schicchi (O mio babbino, caro!)</marcx:subfield>
                    <marcx:subfield code="e">Den Tyske Operas Orkester, Vestberlin</marcx:subfield>
                    <marcx:subfield code="e">dirigent: Reinhard Peters</marcx:subfield>
                    <marcx:subfield code="a">Turandot (Signore, ascolta)</marcx:subfield>
                    <marcx:subfield code="e">Den Tyske Operas Orkester, Vestberlin</marcx:subfield>
                    <marcx:subfield code="e">dirigent: Reinhard Peters</marcx:subfield>
                  </marcx:datafield>
                  <marcx:datafield ind1="0" ind2="0" tag="795">
                    <marcx:subfield code="å">18</marcx:subfield>
                    <marcx:subfield code="0"/>
                    <marcx:subfield code="a">Boccaccio (Hab' ich nur eine Liebe, die Treue brauch'ich nicht)</marcx:subfield>
                    <marcx:subfield code="e">Berlins Radiosymfoniorkester</marcx:subfield>
                    <marcx:subfield code="e">dirigent: Kurt Gaebel</marcx:subfield>
                  </marcx:datafield>
                  <marcx:datafield ind1="0" ind2="0" tag="795">
                    <marcx:subfield code="å">19</marcx:subfield>
                    <marcx:subfield code="0"/>
                    <marcx:subfield code="a">Le ¤rossignol et la rose</marcx:subfield>
                    <marcx:subfield code="e">Berlins Radiosymfoniorkester</marcx:subfield>
                    <marcx:subfield code="e">dirigent: Kurt Gaebel</marcx:subfield>
                  </marcx:datafield>
                  <marcx:datafield ind1="0" ind2="0" tag="795">
                    <marcx:subfield code="å">20</marcx:subfield>
                    <marcx:subfield code="0"/>
                    <marcx:subfield code="a">I ¤Capuleti e i Montecchi (Eccomi in lieta vesta ... Oh! quante volte ti chiedo al ciel piangendo!)</marcx:subfield>
                    <marcx:subfield code="e">Den Tyske Operas Orkester, Vestberlin</marcx:subfield>
                    <marcx:subfield code="e">dirigent: Reinhard Peters</marcx:subfield>
                  </marcx:datafield>
                  <marcx:datafield ind1="0" ind2="0" tag="795">
                    <marcx:subfield code="å">21</marcx:subfield>
                    <marcx:subfield code="0"/>
                    <marcx:subfield code="a">Falstaff (Sul fil d'un soffio etesio scorrete, agili larve)</marcx:subfield>
                    <marcx:subfield code="e">Den Tyske Operas Kor og Orkester, Vestberlin</marcx:subfield>
                    <marcx:subfield code="e">dirigent: Reinhard Peters</marcx:subfield>
                    <marcx:subfield code="a">Lo ¤spazzacamino</marcx:subfield>
                    <marcx:subfield code="e">Berlins Radiosymfoniorkester</marcx:subfield>
                    <marcx:subfield code="e">dirigent: Kurt Gaebel</marcx:subfield>
                  </marcx:datafield>
                  <marcx:datafield ind1="0" ind2="0" tag="795">
                    <marcx:subfield code="å">22</marcx:subfield>
                    <marcx:subfield code="0"/>
                    <marcx:subfield code="a">Parla-Walzer</marcx:subfield>
                    <marcx:subfield code="e">Berlins Radiosymfoniorkester</marcx:subfield>
                    <marcx:subfield code="e">dirigent: Kurt Gaebel</marcx:subfield>
                  </marcx:datafield>
                  <marcx:datafield ind1="0" ind2="0" tag="795">
                    <marcx:subfield code="å">23</marcx:subfield>
                    <marcx:subfield code="0"/>
                    <marcx:subfield code="a">Dinorah (Ombra leggera, non te n'andar)</marcx:subfield>
                    <marcx:subfield code="e">Berlins Radiosymfoniorkester</marcx:subfield>
                    <marcx:subfield code="e">dirigent: Kurt Gaebel</marcx:subfield>
                  </marcx:datafield>
                  <marcx:datafield ind1="0" ind2="0" tag="795">
                    <marcx:subfield code="å">24</marcx:subfield>
                    <marcx:subfield code="0"/>
                    <marcx:subfield code="a">Perlefiskerne (Me voilà seule dans la nuit ... Comme autrefois, dans la nuit sombre)</marcx:subfield>
                    <marcx:subfield code="e">Den Tyske Operas Orkester, Vestberlin</marcx:subfield>
                    <marcx:subfield code="e">dirigent: Reinhard Peters</marcx:subfield>
                  </marcx:datafield>
                  <marcx:datafield ind1="0" ind2="0" tag="795">
                    <marcx:subfield code="å">25</marcx:subfield>
                    <marcx:subfield code="0"/>
                    <marcx:subfield code="a">Hoffmanns eventyr (Les oiseaux dans la charmille)</marcx:subfield>
                    <marcx:subfield code="e">RIAS-Kammerkoret, Berlin</marcx:subfield>
                    <marcx:subfield code="e">Berlins Radiosymfoniorkester</marcx:subfield>
                    <marcx:subfield code="e">dirigent: Richard Kraus</marcx:subfield>
                  </marcx:datafield>
                  <marcx:datafield ind1="0" ind2="0" tag="795">
                    <marcx:subfield code="å">26</marcx:subfield>
                    <marcx:subfield code="0"/>
                    <marcx:subfield code="a">Jocelyn (Caché dans cet asile, un viux nous a conduits ... Oh, ne t'éveille pas encore)</marcx:subfield>
                    <marcx:subfield code="e">Berlins Radiosymfoniorkester</marcx:subfield>
                    <marcx:subfield code="e">dirigent: Kurt Gaebel</marcx:subfield>
                  </marcx:datafield>
                  <marcx:datafield ind1="0" ind2="0" tag="795">
                    <marcx:subfield code="å">27</marcx:subfield>
                    <marcx:subfield code="0"/>
                    <marcx:subfield code="a">Manon (Obéissons, quand leur voix appelle, aux tendres amours ; Allons! Il le faut pour lui-même ... Adieu, notre petite table)</marcx:subfield>
                    <marcx:subfield code="e">Den Tyske Operas Kor og Orkester, Vestberlin</marcx:subfield>
                    <marcx:subfield code="e">dirigent: Reinhard Peters</marcx:subfield>
                  </marcx:datafield>
                  <marcx:datafield ind1="0" ind2="0" tag="795">
                    <marcx:subfield code="å">28</marcx:subfield>
                    <marcx:subfield code="0"/>
                    <marcx:subfield code="a">Lakmé (Les fleurs me paraissent plus belles ; Où va la jeune Indoue)</marcx:subfield>
                    <marcx:subfield code="e">Den Tyske Operas Orkester, Vestberlin</marcx:subfield>
                    <marcx:subfield code="e">dirigent: Reinhard Peters</marcx:subfield>
                  </marcx:datafield>
                  <marcx:datafield ind1="0" ind2="0" tag="795">
                    <marcx:subfield code="å">40</marcx:subfield>
                    <marcx:subfield code="0"/>
                    <marcx:subfield code="y">0</marcx:subfield>
                    <marcx:subfield code="a">Giunse alfin il momento</marcx:subfield>
                    <marcx:subfield code="a">Deh vieni, non tardar</marcx:subfield>
                    <marcx:subfield code="a">Regnava nel silenzio alta la notta e bruna</marcx:subfield>
                    <marcx:subfield code="a">Il ¤dolce suono mi colpi di sua voce</marcx:subfield>
                    <marcx:subfield code="a">Ah! tardai troppo</marcx:subfield>
                    <marcx:subfield code="a">O luce di quest'anima</marcx:subfield>
                    <marcx:subfield code="a">Hymne til solen</marcx:subfield>
                    <marcx:subfield code="a">Son po berežku chodil, drema po lugu</marcx:subfield>
                    <marcx:subfield code="a">Von fern des Lenzes Ruf erschallt</marcx:subfield>
                    <marcx:subfield code="a">Die ¤Lerche in blaue Höh' entschwebt</marcx:subfield>
                    <marcx:subfield code="a">Mein Herr Marquis, ein Mann wie Sie</marcx:subfield>
                    <marcx:subfield code="a">Spiel' ich die Unschuld vom Lande</marcx:subfield>
                    <marcx:subfield code="a">O mio babbino, caro!</marcx:subfield>
                    <marcx:subfield code="a">Signore, ascolta</marcx:subfield>
                    <marcx:subfield code="a">Hab' ich nur eine Liebe, die Treue brauch'ich nicht</marcx:subfield>
                    <marcx:subfield code="a">Eccomi in lieta vesta</marcx:subfield>
                    <marcx:subfield code="a">Oh! quante volte ti chiedo al ciel piangendo!</marcx:subfield>
                    <marcx:subfield code="a">Sul fil d'un soffio etesio scorrete, agili larve</marcx:subfield>
                    <marcx:subfield code="a">Ombra leggera, non te n'andar</marcx:subfield>
                  </marcx:datafield>
                  <marcx:datafield ind1="0" ind2="0" tag="795">
                    <marcx:subfield code="å">41</marcx:subfield>
                    <marcx:subfield code="0"/>
                    <marcx:subfield code="y">0</marcx:subfield>
                    <marcx:subfield code="a">Me voilà seule dans la nuit</marcx:subfield>
                    <marcx:subfield code="a">Comme autrefois, dans la nuit sombre</marcx:subfield>
                    <marcx:subfield code="a">Les ¤oiseaux dans la charmille</marcx:subfield>
                    <marcx:subfield code="a">Caché dans cet asile, un viux nous a conduits</marcx:subfield>
                    <marcx:subfield code="a">Oh, ne t'éveille pas encore</marcx:subfield>
                    <marcx:subfield code="a">Obéissons, quand leur voix appelle, aux tendres amours</marcx:subfield>
                    <marcx:subfield code="a">Allons! Il le faut pour lui-même</marcx:subfield>
                    <marcx:subfield code="a">Adieu, notre petite table</marcx:subfield>
                    <marcx:subfield code="a">Les ¤fleurs me paraissent plus belles</marcx:subfield>
                    <marcx:subfield code="a">Où va la jeune Indoue</marcx:subfield>
                    <marcx:subfield code="a">Nun eilt herbei, Witz, heitre Laune</marcx:subfield>
                  </marcx:datafield>
                  <marcx:datafield ind1="0" ind2="0" tag="900">
                    <marcx:subfield code="0"/>
                    <marcx:subfield code="a">Korsakov</marcx:subfield>
                    <marcx:subfield code="h">Nikolaj Rimskij-</marcx:subfield>
                    <marcx:subfield code="x">se</marcx:subfield>
                    <marcx:subfield code="w">Rimskij-Korsakov, Nikolaj</marcx:subfield>
                    <marcx:subfield code="z">770/13</marcx:subfield>
                  </marcx:datafield>
                  <marcx:datafield ind1="0" ind2="0" tag="900">
                    <marcx:subfield code="0"/>
                    <marcx:subfield code="a">Säens</marcx:subfield>
                    <marcx:subfield code="h">Camille Saint-</marcx:subfield>
                    <marcx:subfield code="x">se</marcx:subfield>
                    <marcx:subfield code="w">Saint-Säens, Camille</marcx:subfield>
                    <marcx:subfield code="z">770/19</marcx:subfield>
                  </marcx:datafield>
                  <marcx:datafield ind1="0" ind2="0" tag="996">
                    <marcx:subfield code="a">DBC</marcx:subfield>
                  </marcx:datafield>
                </marcx:record>
              </marcx:collection>
              <os:identifier>870970-basis:20028122</os:identifier>
              <os:creationDate>2002-12-18</os:creationDate>
              <os:holdingsCount>3</os:holdingsCount>
              <os:lendingLibraries>3</os:lendingLibraries>
            <os:formatsAvailable>
              <os:format>dkabm</os:format>
            </os:formatsAvailable>
          </os:object>
        </os:collection>
      </ns1:originalData>
      <ns1:outputFormat>fullDisplay</ns1:outputFormat>
    </ns1:formatRequest>
  </SOAP-ENV:Body>
</SOAP-ENV:Envelope>
